<record><leader>00000cas a2200000 a 4500</leader><controlfield tag="001">14634571</controlfield><controlfield tag="008">861104c19129999txuwr ne      0    0cze c</controlfield><datafield ind1=" " ind2=" " tag="010"><subfield code="a">sn 86089929 </subfield></datafield><datafield ind1=" " ind2=" " tag="040"><subfield code="a">PPM</subfield><subfield code="b">eng</subfield><subfield code="c">PPM</subfield><subfield code="d">NVF</subfield><subfield code="d">OCLCQ</subfield><subfield code="d">OCLCF</subfield><subfield code="d">OCLCO</subfield><subfield code="d">OCLCA</subfield></datafield><datafield ind1=" " ind2=" " tag="042"><subfield code="a">pcc</subfield></datafield><datafield ind1=" " ind2=" " tag="043"><subfield code="a">n-us-tx</subfield></datafield><datafield ind1="0" ind2=" " tag="130"><subfield code="a">Ve&#780;stni&#769;k (Halletsville, Tex. : 1912)</subfield></datafield><datafield ind1="1" ind2="0" tag="245"><subfield code="a">Ve&#780;stni&#769;k.</subfield></datafield><datafield ind1=" " ind2=" " tag="260"><subfield code="a">Halletsville, Tex. :</subfield><subfield code="b">F. Fabian</subfield></datafield><datafield ind1=" " ind2=" " tag="300"><subfield code="a">v.</subfield></datafield><datafield ind1=" " ind2=" " tag="310"><subfield code="a">Weekly,</subfield><subfield code="b">&lt;Dec. 12, 1917-Jan. 12, 1944&gt;</subfield></datafield><datafield ind1=" " ind2=" " tag="321"><subfield code="a">Bimonthly,</subfield><subfield code="b">&lt;Jan. 15, 1915&gt;</subfield></datafield><datafield ind1="1" ind2=" " tag="362"><subfield code="a">Began in 1912.</subfield></datafield><datafield ind1=" " ind2=" " tag="500"><subfield code="a">Published in Fayetteville, Tex., &lt;Dec. 12, 1917&gt;-Dec. 28, 1932; West, Tex., Jan. 4, 1933-</subfield></datafield><datafield ind1=" " ind2=" " tag="500"><subfield code="a">"Organ Slovanske Podporujici Jednoty Statu Texas."</subfield></datafield><datafield ind1=" " ind2=" " tag="546"><subfield code="a">In Czechoslovak.</subfield></datafield><datafield ind1=" " ind2=" " tag="588"><subfield code="a">Description based on: Vol. 3, no. 9 (Jan. 15, 1915).</subfield></datafield><datafield ind1=" " ind2="0" tag="650"><subfield code="a">Czechs</subfield><subfield code="z">Texas</subfield><subfield code="v">Newspapers.</subfield></datafield><datafield ind1=" " ind2="7" tag="655"><subfield code="a">Newspapers.</subfield><subfield code="2">fast</subfield><subfield code="0">(OCoLC)fst01423814</subfield></datafield><datafield ind1=" " ind2="7" tag="650"><subfield code="a">Czechs.</subfield><subfield code="2">fast</subfield><subfield code="0">(OCoLC)fst00886455</subfield></datafield><datafield ind1=" " ind2="7" tag="651"><subfield code="a">Texas.</subfield><subfield code="2">fast</subfield><subfield code="0">(OCoLC)fst01210336</subfield></datafield><datafield ind1="2" ind2=" " tag="710"><subfield code="a">Slavonic Benevolent Order of the State of Texas.</subfield></datafield><datafield ind1=" " ind2=" " tag="752"><subfield code="a">United States</subfield><subfield code="b">Texas</subfield><subfield code="c">McLennan</subfield><subfield code="d">West.</subfield></datafield><datafield ind1=" " ind2=" " tag="752"><subfield code="a">United States</subfield><subfield code="b">Texas</subfield><subfield code="c">Lavaca</subfield><subfield code="d">Halletsville.</subfield></datafield><datafield ind1=" " ind2=" " tag="752"><subfield code="a">United States</subfield><subfield code="b">Texas</subfield><subfield code="c">Fayette</subfield><subfield code="d">Fayetteville.</subfield></datafield></record>